[gd_scene load_steps=10 format=2]

[ext_resource path="res://Assets/Obstacles/Bomb/ship.png" type="Texture" id=1]
[ext_resource path="res://Scripts/Obstacle/Bomb.gd" type="Script" id=2]

[sub_resource type="AtlasTexture" id=1]
atlas = ExtResource( 1 )
region = Rect2( 0, 0, 16, 24 )

[sub_resource type="AtlasTexture" id=2]
atlas = ExtResource( 1 )
region = Rect2( 16, 0, 16, 24 )

[sub_resource type="AtlasTexture" id=3]
atlas = ExtResource( 1 )
region = Rect2( 32, 0, 16, 24 )

[sub_resource type="AtlasTexture" id=4]
atlas = ExtResource( 1 )
region = Rect2( 48, 0, 16, 24 )

[sub_resource type="AtlasTexture" id=5]
atlas = ExtResource( 1 )
region = Rect2( 64, 0, 16, 24 )

[sub_resource type="SpriteFrames" id=6]
animations = [ {
"frames": [ SubResource( 1 ), SubResource( 2 ), SubResource( 3 ), SubResource( 4 ), SubResource( 5 ) ],
"loop": true,
"name": "Spin",
"speed": 6.0
} ]

[sub_resource type="RectangleShape2D" id=7]
extents = Vector2( 7.14258, 12.0129 )

[node name="Bomb" type="Area2D"]
rotation = -1.5708
script = ExtResource( 2 )

[node name="AnimatedSprite" type="AnimatedSprite" parent="."]
scale = Vector2( 2, 2 )
frames = SubResource( 6 )
animation = "Spin"
playing = true

[node name="CollisionShape2D" type="CollisionShape2D" parent="."]
scale = Vector2( 2, 2 )
shape = SubResource( 7 )
[connection signal="body_entered" from="." to="." method="_on_Bomb_body_entered"]
